<record><leader>00000cas a22000007a 4500</leader><controlfield tag="001">15621829</controlfield><controlfield tag="008">870502c19199999nmuwr ne      0    0eng d</controlfield><datafield ind1=" " ind2=" " tag="010"><subfield code="a">sn 92070407 </subfield></datafield><datafield ind1=" " ind2=" " tag="040"><subfield code="a">IQU</subfield><subfield code="b">eng</subfield><subfield code="c">IQU</subfield><subfield code="d">NVM</subfield><subfield code="d">OCLCQ</subfield><subfield code="d">OCLCF</subfield><subfield code="d">OCLCO</subfield></datafield><datafield ind1="1" ind2=" " tag="029"><subfield code="a">AU@</subfield><subfield code="b">000025850736</subfield></datafield><datafield ind1=" " ind2=" " tag="042"><subfield code="a">msc</subfield></datafield><datafield ind1=" " ind2=" " tag="043"><subfield code="a">n-us-nm</subfield></datafield><datafield ind1=" " ind2=" " tag="090"><subfield code="a">AN2</subfield><subfield code="b">.L671</subfield></datafield><datafield ind1="0" ind2="4" tag="245"><subfield code="a">The Lordsburg liberal.</subfield></datafield><datafield ind1=" " ind2=" " tag="260"><subfield code="a">Lordsburg, N.M. :</subfield><subfield code="b">Lordsburg Print. Co.</subfield></datafield><datafield ind1=" " ind2=" " tag="300"><subfield code="a">v.</subfield></datafield><datafield ind1=" " ind2=" " tag="310"><subfield code="a">Weekly (Friday)</subfield></datafield><datafield ind1="0" ind2=" " tag="362"><subfield code="a">Vol. 32, no. 43 (Oct. 2, 1919)-</subfield></datafield><datafield ind1=" " ind2=" " tag="530"><subfield code="a">Also on microfilm: El Paso, Tex. : Southwest Micropublishing, Inc.</subfield></datafield><datafield ind1=" " ind2="0" tag="651"><subfield code="a">Lordsburg (N.M.)</subfield><subfield code="v">Newspapers.</subfield></datafield><datafield ind1=" " ind2="0" tag="651"><subfield code="a">Hidalgo County (N.M.)</subfield><subfield code="v">Newspapers.</subfield></datafield><datafield ind1=" " ind2="7" tag="655"><subfield code="a">Newspapers.</subfield><subfield code="2">fast</subfield><subfield code="0">(OCoLC)fst01423814</subfield></datafield><datafield ind1=" " ind2="7" tag="651"><subfield code="a">New Mexico</subfield><subfield code="z">Hidalgo County.</subfield><subfield code="2">fast</subfield><subfield code="0">(OCoLC)fst01216110</subfield></datafield><datafield ind1=" " ind2="7" tag="651"><subfield code="a">New Mexico</subfield><subfield code="z">Lordsburg.</subfield><subfield code="2">fast</subfield><subfield code="0">(OCoLC)fst01221040</subfield></datafield><datafield ind1=" " ind2=" " tag="752"><subfield code="a">United States</subfield><subfield code="b">New Mexico</subfield><subfield code="c">Hidalgo</subfield><subfield code="d">Lordsburg.</subfield></datafield><datafield ind1="0" ind2="0" tag="780"><subfield code="t">Western liberal (Lordsburg, N.M.)</subfield><subfield code="w">(DLC)sn 92070405</subfield></datafield></record>